@BOOK{Salomon:2010,
  author = {Salomon, David},
  title = {Handbook of Data Compression},
  year = {2010},
  publisher = {Springer},
  pages = {"211--240"},
  edition = {5th},
}

@book{Sayood:2006,
  title = {Introduction to Data Compression},
  author = {Sayood, Khalid},
  publisher = {Elsevier},
  year = {2006},
  edition = {3rd},
}

@article{Bookstein:1993,
    author = {A. Bookstein and S.T. Klein},
    title = {Is Huffman Coding Dead?},
    journal = {Computing},
    year = {1993},
    volume = {50},
    pages = {279--296}
}

@article{Wallace:1991,
    author = {Gregory K. Wallace},
    title = {The {JPEG} still picture compression standard},
    journal = {Communications of the ACM},
    year = {1991},
    month = {April},
    pages = {30--44},
    volume = {34}
}

@comments{Beutelspacher:2005,
  title = {Kryptologie},
  author = {Beutelspacher, Albrecht},
  publisher = {Springer},
  year = {2005},
  edition = {7th},
}