@BOOK{Salomon:2010,
  author    = {David Salomon and Giovanni Motta},
  title     = {Handbook of Data Compression {(5.} ed.)},
  year      = {2010},
  publisher = {Springer},
  isbn      = {978-1-84882-902-2},
}
